<?xml version="1.0" encoding="UTF-8"?><collection xmlns="http://www.loc.gov/MARC21/slim"><record><leader>00363nam--2200121-i-4500</leader><controlfield tag="001">000017725</controlfield><controlfield tag="002">20161230</controlfield><controlfield tag="005">20161230201032</controlfield><controlfield tag="008">060222s1000------------r-----000-0-eng-d</controlfield><datafield ind1=" " ind2=" " tag="080"><subfield code="a">541.28:539.12.04:577.3</subfield></datafield><datafield ind1=" " ind2=" " tag="245"><subfield code="a">Actions chimmiques et biologiques des radia- tions. collection dirigee par m.haissinsky</subfield></datafield><datafield ind1=" " ind2=" " tag="260"><subfield code="a">Paris, Masson Et C-ie, 1956-1968</subfield></datafield><datafield ind1=" " ind2=" " tag="852"><subfield code="a">10336</subfield></datafield></record></collection>